@book{nesterov2013introductory,
  title={Introductory lectures on convex optimization: A basic course},
  author={Nesterov, Yurii},
  volume={87},
  year={2013},
  publisher={Springer Science \& Business Media}
}
@MISC{Fasshauer_positivedefinite,
    author = {Gregory E. Fasshauer},
    title = {Positive Definite Kernels: Past, Present and Future },
    year = {2011}
}
@article{daniely2017sgd,
  title={Sgd learns the conjugate kernel class of the network},
  author={Daniely, Amit},
  journal={arXiv preprint arXiv:1702.08503},
  year={2017}
}
@article{brutzkus2017globally,
  title={Globally optimal gradient descent for a ConvNet with Gaussian inputs},
  author={Brutzkus, Alon and Globerson, Amir},
  journal={arXiv preprint arXiv:1702.07966},
  year={2017}
}
@article{tian2017analytical,
  title={An Analytical Formula of Population Gradient for two-layered ReLU network and its Applications in Convergence and Critical Point Analysis},
  author={Tian, Yuandong},
  journal={arXiv preprint arXiv:1703.00560},
  year={2017}
}
@article{bartlett2002rademacher,
  title={Rademacher and Gaussian complexities: Risk bounds and structural results},
  author={Bartlett, Peter L and Mendelson, Shahar},
  journal={Journal of Machine Learning Research},
  volume={3},
  number={Nov},
  pages={463--482},
  year={2002}
}
@article{jin2017escape,
  title={How to Escape Saddle Points Efficiently},
  author={Jin, Chi and Ge, Rong and Netrapalli, Praneeth and Kakade, Sham M and Jordan, Michael I},
  journal={arXiv preprint arXiv:1703.00887},
  year={2017}
}
@article{cacoullos1982upper,
  title={On upper and lower bounds for the variance of a function of a random variable},
  author={Cacoullos, Theophilos},
  journal={The Annals of Probability},
  pages={799--809},
  year={1982},
  publisher={JSTOR}
}

@misc{Laplacian,
  title = {Laplace-Beltrami Operator},
  howpublished = {\url{https://en.wikipedia.org/wiki/Laplace-Beltrami_operator}},
  author = {Wikipedia}
}

@misc{Hermite,
  title = {Hermite Polynomials},
  howpublished = {\url{https://en.wikipedia.org/wiki/Hermite_polynomials}},
  author = {Wikipedia}
}
@inproceedings{kakade2009complexity,
  title={On the complexity of linear prediction: Risk bounds, margin bounds, and regularization},
  author={Kakade, Sham M and Sridharan, Karthik and Tewari, Ambuj},
  booktitle={Advances in neural information processing systems},
  pages={793--800},
  year={2009}
}

@inproceedings{GeHJY15,
  title={Escaping From Saddle Points-Online Stochastic Gradient for Tensor Decomposition.},
  author={Ge, Rong and Huang, Furong and Jin, Chi and Yuan, Yang},
  booktitle={COLT},
  pages={797--842},
  year={2015}
}

@inproceedings{ParkKCS16a,
  title={Non-square matrix sensing without spurious local minima via the burer-monteiro approach},
  author={Park, Dohyung and Kyrillidis, Anastasios and Carmanis, Constantine and Sanghavi, Sujay},
  booktitle={Artificial Intelligence and Statistics},
  pages={65--74},
  year={2017}
}

@inproceedings{AroraBGM13,
  title={Provable Bounds for Learning Some Deep Representations.},
  author={Arora, Sanjeev and Bhaskara, Aditya and Ge, Rong and Ma, Tengyu},
  booktitle={ICML},
  pages={584--592},
  year={2014}
}
@article{JanzaminSA15,
  author    = {Majid Janzamin and
               Hanie Sedghi and
               Anima Anandkumar},
  title     = {Beating the Perils of Non-Convexity: Guaranteed Training of Neural Networks using Tensor Methods},
  journal   = {CoRR},
  volume    = {abs/1506.08473},
  year      = {2015},
  url       = {http://arxiv.org/abs/1506.08473},
  timestamp = {Wed, 01 Jul 2015 15:10:24 +0200},
  biburl    = {http://dblp.uni-trier.de/rec/bib/journals/corr/JanzaminSA15},
  bibsource = {dblp computer science bibliography, http://dblp.org}
}

@inproceedings{GeLM16,
  title={Matrix completion has no spurious local minimum},
  author={Ge, Rong and Lee, Jason D and Ma, Tengyu},
  booktitle={Advances in Neural Information Processing Systems},
  pages={2973--2981},
  year={2016}
}

@article{SunQW15,
  title={Complete dictionary recovery over the sphere I: Overview and the geometric picture},
  author={Sun, Ju and Qu, Qing and Wright, John},
  journal={IEEE Transactions on Information Theory},
  volume={63},
  number={2},
  pages={853--884},
  year={2017},
  publisher={IEEE}
}

@inproceedings{SunQW16,
  title={A geometric analysis of phase retrieval},
  author={Sun, Ju and Qu, Qing and Wright, John},
  booktitle={Information Theory (ISIT), 2016 IEEE International Symposium on},
  pages={2379--2383},
  year={2016},
  organization={IEEE}
}


@article{SunQW15a,
  author    = {Ju Sun and
               Qing Qu and
               John Wright},
  title     = {When Are Nonconvex Problems Not Scary?},
  journal   = {CoRR},
  volume    = {abs/1510.06096},
  year      = {2015},
  url       = {http://arxiv.org/abs/1510.06096},
  timestamp = {Sun, 01 Nov 2015 17:30:45 +0100},
  biburl    = {http://dblp.uni-trier.de/rec/bib/journals/corr/SunQW15a},
  bibsource = {dblp computer science bibliography, http://dblp.org}
}

@article{WuM16,
  author    = {Ke Wu and
               Malik Magdon{-}Ismail},
  title     = {Node-By-Node Greedy Deep Learning for Interpretable Features},
  journal   = {CoRR},
  volume    = {abs/1602.06183},
  year      = {2016},
  url       = {http://arxiv.org/abs/1602.06183},
  timestamp = {Tue, 01 Mar 2016 17:47:25 +0100},
  biburl    = {http://dblp.uni-trier.de/rec/bib/journals/corr/WuM16},
  bibsource = {dblp computer science bibliography, http://dblp.org}
}

@article{PanageasP16,
  author    = {Ioannis Panageas and
               Georgios Piliouras},
  title     = {Gradient Descent Converges to Minimizers: The Case of Non-Isolated
               Critical Points},
  journal   = {CoRR},
  volume    = {abs/1605.00405},
  year      = {2016},
  url       = {http://arxiv.org/abs/1605.00405},
  timestamp = {Wed, 01 Jun 2016 15:51:08 +0200},
  biburl    = {http://dblp.uni-trier.de/rec/bib/journals/corr/PanageasP16},
  bibsource = {dblp computer science bibliography, http://dblp.org}
}

@article{Auer,
title = {Exponentially many local minima for single neurons},
author = {Peter Auer and Herbster, Mark and Warmuth, Manfred K},
booktitle = {Advances in Neural Information Processing Systems 8},
editor = {D. S. Touretzky and M. E. Hasselmo},
pages = {316--322},
year = {1996},
publisher = {MIT Press},
url = {http://papers.nips.cc/paper/1028-exponentially-many-local-minima-for-single-neurons.pdf}
}


@inproceedings{lee2016gradient,
  title={Gradient descent only converges to minimizers},
  author={Lee, Jason D and Simchowitz, Max and Jordan, Michael I and Recht, Benjamin},
  booktitle={Conference on Learning Theory},
  pages={1246--1257},
  year={2016}
}

@article{BlumR88,
	Author = {Avrim Blum and                Ronald L. Rivest},
	Bibsource = {DBLP, http://dblp.uni-trier.de},
	Booktitle = {COLT},
	Ee = {http://portal.acm.org/citation.cfm?id=93025.93033},
	Pages = {9--18},
	Title = {Training a 3-Node Neural Network is NP-Complete},
	Year = {1988}
}

@article{shalev2011learning,
  title={Learning kernel-based halfspaces with the 0-1 loss},
  author={Shalev-Shwartz, Shai and Shamir, Ohad and Sridharan, Karthik},
  journal={SIAM Journal on Computing},
  volume={40},
  number={6},
  pages={1623--1646},
  year={2011},
  publisher={SIAM}
}

@inproceedings{LivniSS14,
  title={On the computational efficiency of training neural networks},
  author={Livni, Roi and Shalev-Shwartz, Shai and Shamir, Ohad},
  booktitle={Advances in Neural Information Processing Systems},
  pages={855--863},
  year={2014}
}

@inproceedings{daniely2014average,
  title={From average case complexity to improper learning complexity},
  author={Daniely, Amit and Linial, Nati and Shalev-Shwartz, Shai},
  booktitle={Proceedings of the 46th Annual ACM Symposium on Theory of Computing},
  pages={441--448},
  year={2014},
  organization={ACM}
}

@inproceedings{DanielyFS16,
  title={Toward deeper understanding of neural networks: The power of initialization and a dual view on expressivity},
  author={Daniely, Amit and Frostig, Roy and Singer, Yoram},
  booktitle={Advances In Neural Information Processing Systems},
  pages={2253--2261},
  year={2016}
}


@inproceedings{Kawaguchi16a,
  title={Deep learning without poor local minima},
  author={Kawaguchi, Kenji},
  booktitle={Advances in Neural Information Processing Systems},
  pages={586--594},
  year={2016}
}
@article{SoudryC16,
  author    = {Daniel Soudry and
               Yair Carmon},
  title     = {No bad local minima: Data independent training error guarantees for
               multilayer neural networks},
  journal   = {CoRR},
  volume    = {abs/1605.08361},
  year      = {2016},
  url       = {http://arxiv.org/abs/1605.08361},
  timestamp = {Wed, 01 Jun 2016 15:51:08 +0200},
  biburl    = {http://dblp.uni-trier.de/rec/bib/journals/corr/SoudryC16},
  bibsource = {dblp computer science bibliography, http://dblp.org}
}

@inproceedings{ChoromanskaHMAL14,
  title={The Loss Surfaces of Multilayer Networks.},
  author={Choromanska, Anna and Henaff, Mikael and Mathieu, Michael and Arous, G{\'e}rard Ben and LeCun, Yann},
  booktitle={AISTATS},
  year={2015}
}

@inproceedings{DauphinPGCGB14,
  title={Identifying and attacking the saddle point problem in high-dimensional non-convex optimization},
  author={Dauphin, Yann N and Pascanu, Razvan and Gulcehre, Caglar and Cho, Kyunghyun and Ganguli, Surya and Bengio, Yoshua},
  booktitle={Advances in neural information processing systems},
  pages={2933--2941},
  year={2014}
}

@inproceedings{valiant2014learning,
  title={Learning polynomials with neural networks},
  author={Andoni, Alexandr and Panigrahy, Rina and Valiant, Gregory and Zhang, Li},
  booktitle={International Conference on Machine Learning},
  pages={1908--1916},
  year={2014}
}

@article{GoelKKT16,
  title={Reliably Learning the ReLU in Polynomial Time},
  author={Goel, Surbhi and Kanade, Varun and Klivans, Adam and Thaler, Justin},
  journal={arXiv preprint arXiv:1611.10258},
  year={2016}
}

@article{arnold1985mathematical,
  title={Mathematical aspects of classical and celestial mechanics},
  author={Arnold, Vladimir I and Kozlov, Valery V and Neishtadt, Anatoly I},
  journal={Encyclopaedia Math. Sci},
  volume={3},
  pages={1--291},
  year={1985}
}
@inproceedings{ShahKSS16,
  title={Deep residual networks with exponential linear unit},
  author={Shah, Anish and Kadam, Eashan and Shah, Hena and Shinde, Sameer and Shingade, Sandip},
  booktitle={Proceedings of the Third International Symposium on Computer Vision and the Internet},
  pages={59--65},
  year={2016},
  organization={ACM}
}


@article{ClevertUH15,
  author    = {Djork{-}Arn{\'{e}} Clevert and
               Thomas Unterthiner and
               Sepp Hochreiter},
  title     = {Fast and Accurate Deep Network Learning by Exponential Linear Units
               (ELUs)},
  journal   = {CoRR},
  volume    = {abs/1511.07289},
  year      = {2015},
  url       = {http://arxiv.org/abs/1511.07289},
  timestamp = {Tue, 01 Dec 2015 19:22:34 +0100},
  biburl    = {http://dblp.uni-trier.de/rec/bib/journals/corr/ClevertUH15},
  bibsource = {dblp computer science bibliography, http://dblp.org}
}


@article{brady1989back,
  title={Back propagation fails to separate where perceptrons succeed},
  author={Brady, Martin L and Raghavan, Raghu and Slawny, Joseph},
  journal={IEEE Transactions on Circuits and Systems},
  volume={36},
  number={5},
  pages={665--674},
  year={1989},
  publisher={IEEE}
}

@article{ZhangLWJ15,
  author    = {Yuchen Zhang and
               Jason D. Lee and
               Martin J. Wainwright and
               Michael I. Jordan},
  title     = {Learning Halfspaces and Neural Networks with Random Initialization},
  journal   = {CoRR},
  volume    = {abs/1511.07948},
  year      = {2015},
  url       = {http://arxiv.org/abs/1511.07948},
  timestamp = {Tue, 01 Dec 2015 19:22:34 +0100},
  biburl    = {http://dblp.uni-trier.de/rec/bib/journals/corr/ZhangLWJ15},
  bibsource = {dblp computer science bibliography, http://dblp.org}
}

@inproceedings{ZhangLJ15,
  title={l1-regularized neural networks are improperly learnable in polynomial time},
  author={Zhang, Yuchen and Lee, Jason D and Jordan, Michael I},
  booktitle={International Conference on Machine Learning},
  pages={993--1001},
  year={2016}
}
@inproceedings{klivans2006cryptographic,
  title={Cryptographic hardness for learning intersections of halfspaces},
  author={Klivans, Adam R and Sherstov, Alexander A},
  booktitle={2006 47th Annual IEEE Symposium on Foundations of Computer Science (FOCS'06)},
  pages={553--562},
  year={2006},
  organization={IEEE}
}